@misc{jasp,
  AUTHOR = {{JASP Team}},
  TITLE = {{JASP (Version 0.9)[Computer software]}},
  YEAR = {2018},
  URL = {https://jasp-stats.org/}
}

@article{ly2018,
  author = {Alexander Ly and Akash Raj and Alexander Etz and Maarten Marsman and Quentin F. Gronau and Eric-Jan Wagenmakers},
  title ={Bayesian Reanalyses From Summary Statistics: {A} Guide for Academic Consumers},
  journal = {Advances in Methods and Practices in Psychological Science},
  volume = {1},
  number = {3},
  pages = {367--374},
  year = {2018},
  doi = {10.1177/2515245918779348},
  URL = {https://doi.org/10.1177/2515245918779348}
}

@Article{kass1995,
  author       = {Kass, Robert E. and Raftery, Adrian E.},
  title	       = {Bayes Factors},
  year	       = 1995,
  volume       = 90,
  number       = 430,
  month	       = {Jun},
  pages	       = {773--795},
  issn	       = {1537-274X},
  doi	       = {10.1080/01621459.1995.10476572},
  url	       = {http://dx.doi.org/10.1080/01621459.1995.10476572},
  journal      = {Journal of the American Statistical Association},
  publisher    = {Informa UK Limited}
}

@Article{etz2017,
  author       = {Etz, Alexander and Vandekerckhove, Joachim},
  title	       = {Introduction to {B}ayesian Inference for Psychology},
  year	       = 2017,
  volume       = 25,
  number       = 1,
  month	       = {Apr},
  pages	       = {5--34},
  issn	       = {1531-5320},
  doi	       = {10.3758/s13423-017-1262-3},
  url	       = {http://dx.doi.org/10.3758/s13423-017-1262-3},
  journal      = {Psychonomic Bulletin & Review},
  publisher    = {Springer Nature}
}

@Article{rouder2016,
  author       = {Rouder, Jeffrey N. and Engelhardt, Christopher
                  R. and McCabe, Simon and Morey, Richard D.},
  title	       = {Model comparison in {ANOVA}},
  year	       = 2016,
  volume       = 23,
  number       = 6,
  month	       = {Apr},
  pages	       = {1779--1786},
  issn	       = {1531-5320},
  doi	       = {10.3758/s13423-016-1026-5},
  url	       = {http://dx.doi.org/10.3758/s13423-016-1026-5},
  journal      = {Psychonomic Bulletin & Review},
  publisher    = {Springer Nature}
}

@Article{faulkenberry2018,
  author       = {Faulkenberry, Thomas J.},
  title	       = {Computing {B}ayes factors to measure evidence from
                  experiments: {A}n extension of the {BIC} approximation},
  year	       = 2018,
  volume       = 55,
  number       = 1,
  month	       = {Jun},
  pages	       = {31--43},
  issn	       = {1896-3811},
  doi	       = {10.2478/bile-2018-0003},
  url	       = {http://dx.doi.org/10.2478/bile-2018-0003},
  journal      = {Biometrical Letters},
  publisher    = {Walter de Gruyter GmbH}
}

@Article{masson2011,
  author       = {Masson, Michael E. J.},
  title	       = {A tutorial on a practical {B}ayesian alternative to
                  null-hypothesis significance testing},
  year	       = 2011,
  volume       = 43,
  number       = 3,
  month	       = {Feb},
  pages	       = {679--690},
  issn	       = {1554-3528},
  doi	       = {10.3758/s13428-010-0049-5},
  url	       = {http://dx.doi.org/10.3758/s13428-010-0049-5},
  journal      = {Behavior Research Methods},
  publisher    = {Springer Nature}
}

@Article{wagenmakers2007,
  author       = {Wagenmakers, Eric-Jan},
  title	       = {A practical solution to the pervasive problems of $p$-
                  values},
  year	       = 2007,
  volume       = 14,
  number       = 5,
  month	       = {Oct},
  pages	       = {779--804},
  issn	       = {1531-5320},
  doi	       = {10.3758/bf03194105},
  url	       = {http://dx.doi.org/10.3758/bf03194105},
  journal      = {Psychonomic Bulletin & Review},
  publisher    = {Springer Nature}
}

@Article{kassWasserman1995,
  author       = {Kass, Robert E. and Wasserman, Larry},
  title	       = {A Reference {B}ayesian Test for Nested Hypotheses and
                  its Relationship to the {S}chwarz Criterion},
  year	       = 1995,
  volume       = 90,
  number       = 431,
  month	       = {Sep},
  pages	       = {928--934},
  issn	       = {1537-274X},
  doi	       = {10.1080/01621459.1995.10476592},
  url	       = {http://dx.doi.org/10.1080/01621459.1995.10476592},
  journal      = {Journal of the American Statistical Association},
  publisher    = {Informa UK Limited}
}

@Article{rovenpor2019,
  author       = {Rovenpor, Daniel R. and O’Brien, Thomas C. and
                  Roblain, Antoine and De Guissmé, Laura and Chekroun,
                  Peggy and Leidner, Bernhard},
  title	       = {Intergroup conflict self-perpetuates via meaning:
                  {E}xposure to intergroup conflict increases meaning
                  and fuels a desire for further conflict.},
  year	       = 2019,
  volume       = 116,
  number       = 1,
  month	       = {Jan},
  pages	       = {119--140},
  issn	       = {0022-3514},
  doi	       = {10.1037/pspp0000169},
  url	       = {http://dx.doi.org/10.1037/pspp0000169},
  journal      = {Journal of Personality and Social Psychology},
  publisher    = {American Psychological Association (APA)}
}


@Article{vanDoorn2019,
  author       = {{van Doorn}, Johnny and van den Bergh, Don and Bohm,
                  Udo and Dablander, Fabian and Derks, Koen and Draws,
                  Tim and Evans, Nathan J. and Gronau, Quentin
                  Frederik and Hinne, Max and Kucharský, Šimon and Ly, Alexander and Derks, Koen and Evans, Nathan J.},
  title	       = {The {JASP} Guidelines for Conducting and Reporting a
                  {B}ayesian Analysis},
  year	       = 2019,
  month	       = {Jan},
  doi	       = {10.31234/osf.io/yqxfr},
  url	       = {http://dx.doi.org/10.31234/osf.io/yqxfr},
  publisher    = {Center for Open Science}
}

@Article{wagenmakers2017,
author={Wagenmakers, Eric-Jan
and Love, Jonathon
and Marsman, Maarten
and Jamil, Tahira
and Ly, Alexander
and Verhagen, Josine
and Selker, Ravi
and Gronau, Quentin F.
and Dropmann, Damian
and Boutin, Bruno
and Meerhoff, Frans
and Knight, Patrick
and Raj, Akash
and van Kesteren, Erik-Jan
and van Doorn, Johnny
and {\v{S}}m{\'i}ra, Martin
and Epskamp, Sacha
and Etz, Alexander
and Matzke, Dora
and de Jong, Tim
and van den Bergh, Don
and Sarafoglou, Alexandra
and Steingroever, Helen
and Derks, Koen
and Rouder, Jeffrey N.
and Morey, Richard D.},

title	       = {Bayesian inference for psychology. {Part II: E}xample
                  applications with {JASP}},
  year	       = 2017,
  volume       = 25,
  number       = 1,
  month	       = {Jul},
  pages	       = {58--76},
  issn	       = {1531-5320},
  doi	       = {10.3758/s13423-017-1323-7},
  url	       = {http://dx.doi.org/10.3758/s13423-017-1323-7},
  journal      = {Psychonomic Bulletin & Review},
  publisher    = {Springer Nature}
}


@Article{nathoo2016,
  author       = {Nathoo, Farouk S. and Masson, Michael E.J.},
  title	       = {Bayesian alternatives to null-hypothesis
                  significance testing for repeated-measures designs},
  year	       = 2016,
  volume       = 72,
  month	       = {Jun},
  pages	       = {144--157},
  issn	       = {0022-2496},
  doi	       = {10.1016/j.jmp.2015.03.003},
  url	       = {http://dx.doi.org/10.1016/j.jmp.2015.03.003},
  journal      = {Journal of Mathematical Psychology},
  publisher    = {Elsevier BV}
}

@article{faulkenberry2019,
Author = {Thomas J. Faulkenberry},
Title = {Estimating {B}ayes factors from minimal {ANOVA} summaries for repeated-measures designs},
Year = {2019},
url={https://arxiv.org/abs/1905.05569}
}


@book{gelman,
  title={Bayesian {D}ata {A}nalysis},
  edition={3rd.},
  author={Gelman, Andrew and Stern, Hal S and Carlin, John B and Dunson, David B and Vehtari, Aki and Rubin, Donald B},
  year={2013},
  publisher={Chapman and Hall/CRC},
  address={Boca Raton, FL}
}